@INPROCEEDINGS{2d-AMCL,
  author={Dellaert, F. and Fox, D. and Burgard, W. and Thrun, S.},
  booktitle={Proceedings 1999 IEEE International Conference on Robotics and Automation (Cat. No.99CH36288C)}, 
  title={Monte Carlo localization for mobile robots}, 
  year={1999},
  volume={2},
  number={},
  pages={1322-1328 vol.2},
  keywords={Monte Carlo methods;Mobile robots;Navigation;Robot localization;Uncertainty;Computer science;Indoor environments;Orbital robotics;State-space methods;Bayesian methods},
  doi={10.1109/ROBOT.1999.772544}}

@INPROCEEDINGS{2d-SLAM,
  author={Hess, Wolfgang and Kohler, Damon and Rapp, Holger and Andor, Daniel},
  booktitle={2016 IEEE International Conference on Robotics and Automation (ICRA)}, 
  title={Real-time loop closure in 2D LIDAR SLAM}, 
  year={2016},
  volume={},
  number={},
  pages={1271-1278},
  keywords={Simultaneous localization and mapping;Optimization;Real-time systems;Laser radar;Buildings;Feature extraction;Upper bound},
  doi={10.1109/ICRA.2016.7487258}}

@ARTICLE{FAST-LIO,
  author={Xu, Wei and Cai, Yixi and He, Dongjiao and Lin, Jiarong and Zhang, Fu},
  journal={IEEE Transactions on Robotics}, 
  title={FAST-LIO2: Fast Direct LiDAR-Inertial Odometry}, 
  year={2022},
  volume={38},
  number={4},
  pages={2053-2073},
  keywords={Laser radar;Robots;Real-time systems;Feature extraction;Data structures;Point cloud compression;Kalman filters;Aerial systems;sensor fusion;simultaneous localization and mapping (SLAM)},
  doi={10.1109/TRO.2022.3141876}}

@article{move_base,
  title={Move\_Baseâ€”Ros Wiki},
  author={Marder-Eppstein, E and Lu, D and Ferguson, M and Hoy, A},
  journal={[online] Available: http://wiki. roseorg/move\_base},
  year={2016}
}

@INPROCEEDINGS{ICP,
  author={Rusinkiewicz, S. and Levoy, M.},
  booktitle={Proceedings Third International Conference on 3-D Digital Imaging and Modeling}, 
  title={Efficient variants of the ICP algorithm}, 
  year={2001},
  volume={},
  number={},
  pages={145-152},
  keywords={Iterative closest point algorithm;Iterative algorithms;Convergence;Solid modeling;Iterative methods;Geometry;Layout;Minimization methods;Image sampling;Rough surfaces},
  doi={10.1109/IM.2001.924423}}
